@book{ DeJong,
	author 			= {De Jong, Kenneth A.},
	title 			= {Evolutionary Computation: A Unified Approach},
	year 			= {2016},
	isbn 			= {0262529602, 9780262529600},
	publisher 		= {MIT Press},
	address 		= {Cambridge, MA, USA},
} 

@book{ Cupic,
	author 			= {Čupić, M.},
	title 			= {Prirodom inspirirani optimizacijski algoritmi. Metaheuristike},
	year 			= {2013},
	month			= {prosinac},
	url 			= {http://java.zemris.fer.hr/nastava/pioa/knjiga-0.1.2013-12-30.pdf},
}

@inproceedings{ Kuthan2007GeneticAI,
	author			= {Kuthan, T. and Lánský, J.},
	title			= {Genetic Algorithms in Syllable-Based Text Compression},
	booktitle		= {DATESO},
	year			= {2007},
	url 			= {http://ceur-ws.org/Vol-235/paper3.pdf},
}

@inproceedings{ Deap,
	author 			= {De Rainville, F. and Fortin, F. and Gardner, M. and Parizeau, M. and Gagn{\'e}, C.},
	title     		= {{DEAP:} {A} {P}ython {F}ramework for {E}volutionary {A}lgorithms},
	booktitle 		= {Genetic and Evolutionary Computation Conference, {GECCO} '12, Philadelphia,
	PA, USA, July 7-11, 2012, Companion Material Proceedings},
	pages     		= {85--92},
	year      		= {2012},
	crossref  		= {DBLP:conf/gecco/2012c},
	url       		= {https://doi.org/10.1145/2330784.2330799},
	doi       		= {10.1145/2330784.2330799},
	timestamp 		= {Tue, 06 Nov 2018 00:00:00 +0100},
	biburl    		= {https://dblp.org/rec/bib/conf/gecco/RainvilleFGPG12},
	bibsource 		= {dblp computer science bibliography, https://dblp.org}
}

@misc{ Numpy,
	author			= {Oliphant, T.},
	title 			= {{NumPy}: A guide to {NumPy}},
	year 			= {2006--},
	howpublished	= {USA: Trelgol Publishing},
	url				= {http://www.numpy.org/},
}

@article{ Sympy,
	title 			= {SymPy: symbolic computing in {P}ython},
	author 			= {Meurer, A. and Smith, C. P. and Paprocki, M. and \v{C}ert\'{i}k, O. and Kirpichev, S. B. and Rocklin, M. and Kumar, A. and Ivanov, S. and Moore, J. K. and Singh, S. and Rathnayake, T. and Vig, S. and Granger, B. E. and Muller, R. P. and Bonazzi, F. and Gupta, H. and Vats, S. and Johansson, F. and Pedregosa, F. and Curry, M. J. and Terrel, A. R. and Rou\v{c}ka, \v{S}. and Saboo, A. and Fernando, I. and Kulal, S. and Cimrman, R. and Scopatz, A.},
	year 			= {2017},
	month 			= {siječanj},
	keywords 		= {Python, Computer algebra system, Symbolics},
	abstract 		= {
	SymPy is an open source computer algebra system written in pure Python. It is built with a focus on extensibility and ease of use, through both interactive and programmatic applications. These characteristics have led SymPy to become a popular symbolic library for the scientific Python ecosystem. This paper presents the architecture of SymPy, a description of its features, and a discussion of select submodules. The supplementary material provide additional examples and further outline details of the architecture and features of SymPy.
	},
	volume 			= 3,
	pages 			= {e103},
	journal 		= {PeerJ Computer Science},
	issn 			= {2376-5992},
	url 			= {https://doi.org/10.7717/peerj-cs.103},
	doi 			= {10.7717/peerj-cs.103},
}

@article{Matplotlib,
	author    		= {Hunter, J. D.},
	title     		= {Matplotlib: A {2D} graphics environment},
	journal   		= {Computing In Science \& Engineering},
	volume    		= {9},
	number    		= {3},
	pages     		= {90--95},
	abstract  		= {Matplotlib is a 2D graphics package used for Python
	for application development, interactive scripting, and
	publication-quality image generation across user
	interfaces and operating systems.},
	publisher 		= {IEEE COMPUTER SOC},
	doi       		= {10.1109/MCSE.2007.55},
	year      		= {2007}
}

@misc{ WikiGenetic,
	author 			= "{Wikipedia contributors}",
	title			= {Genetic algorithm --- {Wikipedia}{,} The Free Encyclopedia},
	year 			= {2019},
	month			= {travanj},
	url				= {https://en.wikipedia.org/wiki/Genetic_algorithm},
}

@misc{ WikiEvolutionary,
	author 			= "{Wikipedia contributors}",
	title			= {Evolutionary algorithm --- {Wikipedia}{,} The Free Encyclopedia},
	year 			= {2019},
	month			= {ožujak},
	url				= {https://en.wikipedia.org/wiki/Evolutionary_algorithm},
}

@misc{ WikiHeuristic,
	author 			= "{Wikipedia contributors}",
	title			= {Heuristic (computer science) --- {Wikipedia}{,} The Free Encyclopedia},
	year 			= {2018},
	month			= {studeni},
	url				= {https://en.wikipedia.org/wiki/Heuristic_(computer_science)},
}

@misc{ WikiMetaheuristic,
	author 			= "{Wikipedia contributors}",
	title			= {Metaheuristic --- {Wikipedia}{,} The Free Encyclopedia},
	year 			= {2019},
	month			= {svibanj},
	url				= {https://en.wikipedia.org/wiki/Metaheuristic},
}

@misc{ WikiFitness,
	author 			= "{Wikipedia contributors}",
	title			= {Fitness function --- {Wikipedia}{,} The Free Encyclopedia},
	year 			= {2018},
	month			= {svibanj},
	url				= {https://en.wikipedia.org/wiki/Fitness_function},
}

@misc{ WikiFitnessApprox,
	author 			= "{Wikipedia contributors}",
	title			= {Fitness approximation --- {Wikipedia}{,} The Free Encyclopedia},
	year 			= {2018},
	month			= {prosinac},
	url				= {https://en.wikipedia.org/wiki/Fitness_approximation},
}

@misc{ WikiGeneRepres,
	author 			= "{Wikipedia contributors}",
	title			= {Genetic representation --- {Wikipedia}{,} The Free Encyclopedia},
	year 			= {2017},
	month			= {svibanj},
	url				= {https://en.wikipedia.org/wiki/Genetic_representation},
}

@misc{ WikiResidualSum,
	author 			= "{Wikipedia contributors}",
	title			= {Residual sum of squares --- {Wikipedia}{,} The Free Encyclopedia},
	year 			= {2019},
	month			= {veljača},
	url				= {https://en.wikipedia.org/wiki/Residual_sum_of_squares},
}

@misc{ WikiMutation,
	author 			= "{Wikipedia contributors}",
	title			= {Mutation (genetic algorithm) --- {Wikipedia}{,} The Free Encyclopedia},
	year 			= {2018},
	month			= {listopad},
	url				= {https://en.wikipedia.org/wiki/Mutation_(genetic_algorithm)},
}

@online{ GaPseudocode,
	author 			= {Zell, A.},
	title			= {{JC}ell {D}ocumentation: {E}volutionary {A}lgorithms},
	year 			= {2004},
	url				= {http://www.ra.cs.uni-tuebingen.de/software/JCell/tutorial/ch03s05.html},
}
